<record><leader>00000cas a22000007a 4500</leader><controlfield tag="001">35664460</controlfield><controlfield tag="008">961002d19341941meuwr ne      0    0eng d</controlfield><datafield ind1=" " ind2=" " tag="010"><subfield code="a">sn 96075131 </subfield></datafield><datafield ind1=" " ind2=" " tag="040"><subfield code="a">MBN</subfield><subfield code="b">eng</subfield><subfield code="c">MBN</subfield><subfield code="d">OCLCQ</subfield><subfield code="d">OCLCF</subfield><subfield code="d">OCLCO</subfield></datafield><datafield ind1="1" ind2=" " tag="029"><subfield code="a">AU@</subfield><subfield code="b">000012910988</subfield></datafield><datafield ind1=" " ind2=" " tag="042"><subfield code="a">msc</subfield></datafield><datafield ind1="0" ind2="4" tag="245"><subfield code="a">The Penobscot times and the Old Town enterprise.</subfield></datafield><datafield ind1="3" ind2="0" tag="246"><subfield code="a">Penobscot times and Old Town enterprise</subfield><subfield code="f">&lt;1936&gt;</subfield></datafield><datafield ind1=" " ind2=" " tag="260"><subfield code="a">Old Town, Me. :</subfield><subfield code="b">Penobscot Press</subfield></datafield><datafield ind1=" " ind2=" " tag="300"><subfield code="a">v.</subfield></datafield><datafield ind1=" " ind2=" " tag="310"><subfield code="a">Weekly</subfield></datafield><datafield ind1="0" ind2=" " tag="362"><subfield code="a">Vol. 46, no. 28 (Sept. 20, 1934)-v. 54, no. 35 (Oct. 31, 1941).</subfield></datafield><datafield ind1=" " ind2="0" tag="651"><subfield code="a">Old Town (Me.)</subfield><subfield code="v">Newspapers.</subfield></datafield><datafield ind1=" " ind2="7" tag="655"><subfield code="a">Newspapers.</subfield><subfield code="2">fast</subfield><subfield code="0">(OCoLC)fst01423814</subfield></datafield><datafield ind1=" " ind2="7" tag="651"><subfield code="a">Maine</subfield><subfield code="z">Old Town.</subfield><subfield code="2">fast</subfield><subfield code="0">(OCoLC)fst01202986</subfield></datafield><datafield ind1=" " ind2=" " tag="752"><subfield code="a">United States</subfield><subfield code="b">Maine</subfield><subfield code="c">Penobscot</subfield><subfield code="d">Old Town.</subfield></datafield><datafield ind1="0" ind2="0" tag="780"><subfield code="t">Old Town enterprise</subfield><subfield code="w">(DLC)sn 89070054</subfield></datafield><datafield ind1="0" ind2="0" tag="785"><subfield code="t">Penobscot times (Old Town, Me. : 1941)</subfield><subfield code="w">(DLC)sn 96075151</subfield></datafield></record>